@ONLINE{hdf5,
    author = {{The HDF Group}},
    title = "{Hierarchical data format version 5}",
    year = {2000-2010},
    url = {http://www.hdfgroup.org/HDF5}
}

@Misc{Libint2,
  author = "E.~F.~Valeev",
  title = "Libint: A library for the evaluation of molecular integrals of many-body operators over Gaussian functions",
  howpublished = "http://libint.valeyev.net/",
  note = "version 2.7.0-beta.6",
  year =         2020
}

@article{burkatzki_2008,
  author = {Burkatzki, M. and Filippi, Claudia and Dolg, M.},
  title = {{Energy-consistent small-core pseudopotentials for 3d-transition metals adapted to quantum Monte Carlo calculations}},
  journal = {J. Chem. Phys.},
  volume = {129},
  number = {16},
  pages = {164115},
  year = {2008},
  month = {Oct},
  issn = {0021-9606},
  publisher = {American Institute of PhysicsAIP},
  doi = {10.1063/1.2987872},
}
